@TechReport{Liris-2411,
  	title         = "Expression analytique d'un maillage 3D",
  	author        = "Julien {Ricard} and David {Coeurjolly} and Atilla {Baskurt}",
  	year          = "2006",
  	institution   = "LIRIS UMR 5205 CNRS/INSA de Lyon/Université Claude Bernard Lyon 1/Université Lumière Lyon 2/École Centrale de Lyon",
  	number        = "RR-LIRIS-2006-012",
   	language      = "fr",
  	url           = "http://liris.cnrs.fr/publis/?id=2411",
}

@article{volum_simp,
	author   = "Fakir S. {Nooruddin} and Greg {Turk}",
	title    = "Simplification and Repair of Polygonal Models Using Volumetric Techniques",
	journal  = "IEEE transactions on visualization and computer graphics",
	volume   = "9",
	number   = "2",
	pages    = "191-205",
	year     = "2003",
	month    = "April-June",
}

@inproceedings{printability,
 	author = {Telea, Alexandru and Jalba, Andrei},
 	title = {Voxel-based assessment of printability of 3D shapes},
 	booktitle = {Proceedings of the 10th international conference on Mathematical morphology and its applications to image and signal processing},
 	series = {ISMM'11},
 	year = {2011},
 	isbn = {978-3-642-21568-1},
 	location = {Verbania-Intra, Italy},
 	pages = {393--404},
 	numpages = {12},
 	url = {http://dl.acm.org/citation.cfm?id=2023043.2023085},
 	acmid = {2023085},
 	publisher = {Springer-Verlag},
 	address = {Berlin, Heidelberg},
 	keywords = {3D printability, geodesic analysis, top-hat transform},
} 

@inproceedings{noise_removal,
 	author = {Guskov, Igor and Wood, Zo\"{e} J.},
 	title = {Topological noise removal},
 	booktitle = {No description on Graphics interface 2001},
 	series = {GRIN'01},
 	year = {2001},
 	isbn = {0-9688808-0-0},
 	location = {Ottawa, Ontario, Canada},
 	pages = {19--26},
 	numpages = {8},
 	url = {http://dl.acm.org/citation.cfm?id=780986.780990},
 	acmid = {780990},
 	publisher = {Canadian Information Processing Society},
 	address = {Toronto, Ont., Canada, Canada},
 	keywords = {irregular connectivity, meshes, topology},
}
